@comment{{This file has been generated by bib2bib 1.89}}

@comment{{Command line: /usr/bin/bib2bib -c '$key <> "R:Ligges:2005"' -c '$type = "BOOK"' R.bib}}

@comment{{-----------------end-of-books------------------------------------}}

