@COMMENT{{This file has been generated by bib2bib 1.76}}

@COMMENT{{Command line: /usr/bin/bib2bib -c '$type <> "BOOK"' R.bib}}

@COMMENT{{-----------------end-of-books------------------------------------}}

@ARTICLE{R:Ihaka+Gentleman:1996,
  AUTHOR = {Ross Ihaka and Robert Gentleman},
  TITLE = {R: A Language for Data Analysis and Graphics},
  JOURNAL = {Journal of Computational and Graphical Statistics},
  YEAR = 1996,
  VOLUME = 5,
  NUMBER = 3,
  PAGES = {299--314},
  URL = {http://www.amstat.org/publications/jcgs/}
}

@ARTICLE{R:Cribari-Neto+Zarkos:1999,
  AUTHOR = {Francisco Cribari-Neto and Spyros G. Zarkos},
  TITLE = {{R}: Yet another econometric programming
                  environment},
  JOURNAL = {Journal of Applied Econometrics},
  YEAR = 1999,
  VOLUME = 14,
  PAGES = {319-329},
  URL = {http://www.interscience.wiley.com/jpages/0883-7252/},
  PDF = {http://www.R-project.org/nosvn/papers/Cribari-Neto+Zarkos:1999.pdf}
}

@ARTICLE{R:Gentleman+Ihaka:2000,
  AUTHOR = {Robert Gentleman and Ross Ihaka},
  TITLE = {Lexical Scope and Statistical Computing},
  JOURNAL = {Journal of Computational and Graphical Statistics},
  YEAR = 2000,
  VOLUME = 9,
  PAGES = {491--508},
  URL = {http://www.amstat.org/publications/jcgs/}
}

@ARTICLE{R:Murrell+Ihaka:2000,
  AUTHOR = {Paul Murrell and Ross Ihaka},
  TITLE = {An Approach to Providing Mathematical Annotation in
                  Plots},
  JOURNAL = {Journal of Computational and Graphical Statistics},
  YEAR = 2000,
  VOLUME = 9,
  PAGES = {582--599},
  URL = {http://www.amstat.org/publications/jcgs/}
}

@ARTICLE{R:Ellner:2001,
  AUTHOR = {Stephen P. Ellner},
  TITLE = {Review of {R}, Version 1.1.1},
  JOURNAL = {Bulletin of the Ecological Society of America},
  YEAR = 2001,
  VOLUME = 82,
  NUMBER = 2,
  PAGES = {127--128},
  MONTH = {April}
}

@ARTICLE{R:Ripley:2001,
  AUTHOR = {Brian D. Ripley},
  TITLE = {The {R} Project in Statistical Computing},
  JOURNAL = {MSOR Connections. The newsletter of the LTSN Maths,
                  Stats \& OR Network.},
  YEAR = 2001,
  VOLUME = 1,
  NUMBER = 1,
  PAGES = {23--25},
  MONTH = {February},
  URL = {http://ltsn.mathstore.ac.uk/newsletter/feb2001/pdf/rproject.pdf}
}

@PROCEEDINGS{R:Hornik+Leisch:2001,
  TITLE = {Proceedings of the 2nd International Workshop on
                  Distributed Statistical Computing (DSC 2001)},
  YEAR = 2001,
  EDITOR = {Kurt Hornik and Friedrich Leisch},
  ADDRESS = {Technische Universit{\"a}t Wien, Vienna, Austria},
  URL = {http://www.ci.tuwien.ac.at/Conferences/DSC.html},
  NOTE = {ISSN 1609-395X}
}

@ARTICLE{R:Ribeiro+Brown:2001,
  AUTHOR = {Ribeiro, Jr., Paulo J. and Patrick E. Brown},
  TITLE = {Some words on the {R} project},
  JOURNAL = {The ISBA Bulletin},
  YEAR = 2001,
  VOLUME = 8,
  NUMBER = 1,
  PAGES = {12--16},
  MONTH = {March},
  URL = {http://www.iami.mi.cnr.it/isba/index.html}
}

@ARTICLE{R:Kuonen:2001,
  AUTHOR = {Diego Kuonen},
  TITLE = {Introduction au data mining avec {R} : vers la
                  reconqu{\^e}te du `knowledge discovery in databases' par
                  les statisticiens},
  JOURNAL = {Bulletin of the Swiss Statistical Society},
  YEAR = 2001,
  VOLUME = 40,
  PAGES = {3-7},
  URL = {http://www.statoo.com/en/publications/2001.R.SSS.40/}
}

@ARTICLE{R:Kuonen+Furrer:2001,
  AUTHOR = {Diego Kuonen and Reinhard Furrer},
  TITLE = {Data mining avec {R} dans un monde libre},
  JOURNAL = {Flash Informatique Sp{\'e}cial {\'E}t{\'e}},
  YEAR = 2001,
  PAGES = {45-50},
  MONTH = {sep},
  URL = {http://sawww.epfl.ch/SIC/SA/publications/FI01/fi-sp-1/sp-1-page45.html}
}

@ARTICLE{R:Furrer+Kuonen:2001,
  AUTHOR = {Reinhard Furrer and Diego Kuonen},
  TITLE = {{GRASS GIS et R}: main dans la main dans un monde
                  libre},
  JOURNAL = {Flash Informatique Sp{\'e}cial {\'E}t{\'e}},
  YEAR = 2001,
  PAGES = {51-56},
  MONTH = {sep},
  URL = {http://sawww.epfl.ch/SIC/SA/publications/FI01/fi-sp-1/sp-1-page51.html}
}

@ARTICLE{R:Kuonen+Chavez:2001,
  AUTHOR = {Diego Kuonen and Valerie Chavez},
  TITLE = {{R} - un exemple du succ{\`e}s des mod{\`e}les libres},
  JOURNAL = {Flash Informatique},
  YEAR = 2001,
  VOLUME = 2,
  PAGES = {3-7},
  URL = {http://sawww.epfl.ch/SIC/SA/publications/FI01/fi-2-1/2-1-page3.html}
}

@ARTICLE{R:Ricci:2004,
  AUTHOR = {Vito Ricci},
  TITLE = {{R} : un ambiente opensource per l'analisi statistica
                  dei dati},
  JOURNAL = {Economia e Commercio},
  YEAR = 2004,
  VOLUME = 1,
  PAGES = {69--82},
  ABSTRACT = {This paper would be a short introduction and overview
                  about the language and environment for statistical
                  analysis R, without entering in specific details too
                  much computational. I give a look about this
                  opensource software pointing out its main features,
                  its functionalities, its pros and cons describing some
                  libraries and the kind of analysis they support. I
                  supply a summary, with a short description, about many
                  resources concerning R that can be found in the Web:
                  the most are in English language, but there are also
                  some in the Italian language. The aim of this work is
                  to contribute in increasing of the use of the R
                  environment in Italy among statistical researchers
                  trying to ``advertise'' this software and its
                  opensource philosophy.},
  URL = {http://www.dsa.unipr.it/soliani/allegato.pdf}
}

@ARTICLE{R:Ricci:2005,
  AUTHOR = {Vito Ricci},
  TITLE = {Rappresentazione analitica delle distribuzioni
                  statistiche con {R} (Prima parte)},
  JOURNAL = {Economia e Commercio},
  YEAR = 2005,
  VOLUME = {1/2},
  PAGES = {47--60},
  ABSTRACT = {This paper deals with distribution fitting using R
                  environment for statistical computing. It treats
                  briefly some theoretical issues and it points out
                  especially practical ones proposing some examples of R
                  statements for data graphical exploration and
                  presentation, parameters' estimates of patterns and
                  tests for goodness of fit.},
  URL = {http://cran.r-project.org/doc/contrib/Ricci-distributions-it.pdf}
}

