@Article{R:Ellner:2001,
  author       = {Stephen P. Ellner},
  title	       = {Review of R, Version 1.1.1},
  journal      = {Bulletin of the Ecological Society of America},
  year	       = 2001,
  volume       = 82,
  number       = 2,
  pages	       = {127--128},
  month	       = {April},
}

@Proceedings{R:Hornik+Leisch:2001,
  title	       = {Proceedings of the 2nd International Workshop on
                  Distributed Statistical Computing (DSC 2001)},
  year	       = 2001,
  editor       = {Kurt Hornik and Friedrich Leisch},
  address      = {Technische Universit{\"a}t Wien, Vienna, Austria},
  url	       = {http://www.ci.tuwien.ac.at/Conferences/DSC.html},
  note	       = {ISSN 1609-395X},
}

@Article{R:Ripley:2001,
  author       = {Brian D. Ripley},
  title	       = {The R Project in Statistical Computing},
  journal      = {MSOR Connections. The newsletter of the LTSN Maths,
                  Stats \& OR Network.},
  year	       = 2001,
  volume       = 1,
  number       = 1,
  pages	       = {23--25},
  month	       = {February},
  url	       = {http://ltsn.mathstore.ac.uk/newsletter/feb2001/pdf/rproject.pdf},
}

@Article{R:Gentleman+Ihaka:2000,
  author       = {Robert Gentleman and Ross Ihaka},
  title	       = {Lexical Scope and Statistical Computing},
  journal      = {Journal of Computational and Graphical Statistics},
  year	       = 2000,
  volume       = 9,
  pages	       = {491--508},
  url	       = {http://www.amstat.org/publications/jcgs/},
}

@Article{R:Murrell+Ihaka:2000,
  author       = {Paul Murrell and Ross Ihaka},
  title	       = {An Approach to Providing Mathematical Annotation in
                  Plots},
  journal      = {Journal of Computational and Graphical Statistics},
  year	       = 2000,
  number       = 9,
  pages	       = {582--599},
  url	       = {http://www.amstat.org/publications/jcgs/},
}

@Book{R:Nolan+Speed:2000,
  author       = {Deborah Nolan and Terry Speed},
  title	       = {Stat Labs: Mathematical Statistics Through
                  Applications},
  publisher    = {Springer},
  year	       = 2000,
  series       = {Springer Texts in Statistics},
  note	       = {ISBN 0-387-98974-9},
  url	       = {http://www.stat.Berkeley.EDU/users/statlabs/},
  annote       = {Integrates theory of statistics with the practice of
                  statistics through a collection of case studies
                  (``labs''), and uses R to analyze the data.},
}

@Book{R:Pinheiro+Bates:2000,
  author       = {Jose C. Pinheiro and Douglas M. Bates},
  title	       = {Mixed-Effects Models in S and {S-Plus}},
  publisher    = {Springer},
  year	       = 2000,
  note	       = {ISBN 0-387-98957-0},
  url	       = {http://nlme.stat.wisc.edu/MEMSS/},
  annote       = {A comprehensive guide to the use of the `nlme' package
                  for linear and nonlinear mixed-effects models.},
}

@Book{R:Venables+Ripley:2000,
  author       = {William N. Venables and Brian D. Ripley},
  title	       = {S Programming},
  publisher    = {Springer},
  year	       = 2000,
  note	       = {ISBN 0-387-98966-8},
  url	       = {http://www.stats.ox.ac.uk/pub/MASS3/Sprog/},
}

@Book{R:Venables+Ripley:1999,
  author       = {William N. Venables and Brian D. Ripley},
  title	       = {Modern Applied Statistics with {S-Plus}. Third
                  Edition},
  publisher    = {Springer},
  year	       = 1999,
  note	       = {ISBN 0-387-98825-4},
  url	       = {http://www.stats.ox.ac.uk/pub/MASS3/},
}

@Book{R:Chambers:1998,
  author       = {John M. Chambers},
  title	       = {Programming with Data},
  publisher    = {Springer},
  year	       = 1998,
  address      = {New York},
  note	       = {ISBN 0-387-98503-4},
  url	       = {http://cm.bell-labs.com/cm/ms/departments/sia/Sbook/},
  annote       = {This ``\emph{Green Book}'' describes version 4 of S, a
                  major revision of S designed by John Chambers to
                  improve its usefulness at every stage of the
                  programming process.},
}

@Article{R:Ihaka+Gentleman:1996,
  author       = {Ross Ihaka and Robert Gentleman},
  title	       = {R: A Language for Data Analysis and Graphics},
  journal      = {Journal of Computational and Graphical Statistics},
  year	       = 1996,
  volume       = 5,
  number       = 3,
  pages	       = {299--314},
}

@Book{R:Chambers+Hastie:1992,
  author       = {John M. Chambers and Trevor J. Hastie},
  title	       = {Statistical Models in {S}},
  publisher    = {Chapman \& Hall},
  year	       = 1992,
  address      = {London},
  annote       = {This is also called the ``\emph{White Book}'', and
                  introduced S version 3, which added structures to
                  facilitate statistical modeling in S. },
}

@Book{R:Becker+Chambers+Wilks:1988,
  author       = {Richard A. Becker and John M. Chambers and Allan
                  R. Wilks},
  title	       = {The New {S} Language},
  publisher    = {Chapman \& Hall},
  year	       = 1988,
  address      = {London},
  annote       = {This book is often called the ``\emph{Blue Book}'',
                  and introduced what is now known as S version 2.},
}

